<?xml version="1.0" encoding="UTF-8"?>
<record xmlns="http://www.loc.gov/MARC21/slim">
   <leader>01715cam a2200325 a 4500</leader>
   <controlfield tag="001">130117</controlfield>
   <controlfield tag="003">NjP</controlfield>
   <controlfield tag="005">20190705135612.0</controlfield>
   <controlfield tag="008">830104q18601900mr            000 0 ara d</controlfield>
   <datafield tag="024" ind1="7" ind2=" ">
      <subfield code="a">princeton_aco004859</subfield>
      <subfield code="2">local</subfield>
   </datafield>
   <datafield ind1=" " ind2=" " tag="040">
      <subfield code="a">NjP</subfield>
      <subfield code="c">PUL</subfield>
      <subfield code="d">PUL</subfield>
   </datafield>
   <datafield ind1=" " ind2=" " tag="066">
      <subfield code="c">(3</subfield>
   </datafield>
   <datafield ind1=" " ind2=" " tag="035">
      <subfield code="a">(CStRLIN)NJPG83-B183</subfield>
   </datafield>
   <datafield ind1=" " ind2=" " tag="035">
      <subfield code="9">AAU4877TS</subfield>
   </datafield>
   <datafield ind1=" " ind2=" " tag="035">
      <subfield code="a">(NjP)130117</subfield>
   </datafield>
   <datafield ind1=" " ind2=" " tag="049">
      <subfield code="a">PULL</subfield>
   </datafield>
   <datafield ind1=" " ind2=" " tag="035">
      <subfield code="a">(OCoLC)ocn122886193</subfield>
   </datafield>
   <datafield ind1="1" ind2=" " tag="100">
      <subfield code="6">880-01</subfield>
      <subfield code="a">Khazrajī, ʻAbd Allāh ibn ʻUthmān,</subfield>
      <subfield code="d">active 12th century-13th century.</subfield>
      <subfield code="0">http://id.loc.gov/authorities/names/nr90012805</subfield>
   </datafield>
   <datafield ind1="1" ind2="0" tag="240">
      <subfield code="6">880-02</subfield>
      <subfield code="a">Khazrajīyah</subfield>
   </datafield>
   <datafield ind1="1" ind2="0" tag="245">
      <subfield code="6">880-03</subfield>
      <subfield code="a">Qaṣīdah al-badīʻah dhāt al-nasamāt al-banafsajīyah al-mawsūmah bi-al-khazrajīyah /</subfield>
      <subfield code="c">li-Ḍiyāʼ al-Dīn Abī ʻAbd Allāh Muḥammad al-Khazrajī ; sharḥ Abī al-Qāsim al-Futūḥ ibn ʻĪsá ibn Aḥmad al-Ṣanhājī.</subfield>
   </datafield>
   <datafield ind1=" " ind2=" " tag="260">
      <subfield code="a">[Fez :</subfield>
      <subfield code="b">s.n.,</subfield>
      <subfield code="c">186-?]</subfield>
   </datafield>
   <datafield ind1=" " ind2=" " tag="300">
      <subfield code="a">[94] p. ;</subfield>
      <subfield code="c">22 cm.</subfield>
   </datafield>
   <datafield ind1=" " ind2=" " tag="500">
      <subfield code="a">Lithograph.</subfield>
   </datafield>
   <datafield ind1=" " ind2="0" tag="650">
      <subfield code="a">Arabic language</subfield>
      <subfield code="x">Versification</subfield>
      <subfield code="x">Early works to 1800.</subfield>
      <subfield code="0">http://id.loc.gov/authorities/subjects/sh2009115218</subfield>
   </datafield>
   <datafield ind1="1" ind2=" " tag="700">
      <subfield code="6">880-04</subfield>
      <subfield code="a">Ṣanhājī, Abū al-Qāsim al-Futūḥ ibn ʻĪsá.</subfield>
   </datafield>
   <datafield ind1="1" ind2=" " tag="880">
      <subfield code="6">100-01/(3/r</subfield>
      <subfield code="a">خزرجي، عبد الله بن عثمان،</subfield>
      <subfield code="d">active 12th century-13th century.</subfield>
   </datafield>
   <datafield ind1="1" ind2="0" tag="880">
      <subfield code="6">240-02/(3/r</subfield>
      <subfield code="a">خزرجية</subfield>
   </datafield>
   <datafield ind1="1" ind2="0" tag="880">
      <subfield code="6">245-03/(3/r</subfield>
      <subfield code="a">قصيدة البديعة ذات النسمات البنفسجية الموسومة بالخزرجية /</subfield>
      <subfield code="c">لضياء الدين ابي عبد الله محمد الخزرجي ؛ شرح ابي القاسم الفتوح بن عيسى بن احمد الصنهاجي.</subfield>
   </datafield>
   <datafield ind1="1" ind2=" " tag="880">
      <subfield code="6">700-04/(3/r</subfield>
      <subfield code="a">صنهاجي، ابو القاسم الفتوح بن عيسى.</subfield>
   </datafield>
   <datafield ind1=" " ind2=" " tag="994">
      <subfield code="a">C0</subfield>
      <subfield code="b">PUL</subfield>
   </datafield>
   <datafield ind1=" " ind2=" " tag="999">
      <subfield code="a">130117</subfield>
   </datafield>
   <datafield ind1=" " ind2=" " tag="979">
      <subfield code="a">(OCoLC)ocn175534784</subfield>
   </datafield>
   <datafield ind1="8" ind2="0" tag="852">
      <subfield code="0">1711210</subfield>
      <subfield code="b">rcppa</subfield>
      <subfield code="t">0</subfield>
      <subfield code="h">2271.509225.352</subfield>
      <subfield code="x">tr fr anxa</subfield>
   </datafield>
   <datafield ind1=" " ind2="0" tag="866">
      <subfield code="0">1711210</subfield>
      <subfield code="x">tr fr brief record</subfield>
   </datafield>
   <datafield ind1=" " ind2=" " tag="959">
      <subfield code="a">2000-06-13 00:00:00 -0400</subfield>
   </datafield>
</record>
